<?xml version="1.0" encoding="UTF-8"?>
<collection xmlns:xsi="http://www.w3.org/2001/XMLSchema-instance" xsi:schemaLocation="http://www.loc.gov/MARC21/slim http://www.loc.gov/standards/marcxml/schema/MARC21slim.xsd" xmlns="http://www.loc.gov/MARC21/slim">
<record>
  <leader>01372cam a2200325Ia 4500</leader>
  <controlfield tag="001">4271896</controlfield>
  <controlfield tag="003">NNC</controlfield>
  <controlfield tag="005">20121018224225.0</controlfield>
  <controlfield tag="008">981105s1968    iq a     b    000 0 ara d</controlfield>
  <datafield tag="010" ind1=" " ind2=" ">
    <subfield code="a">   72255831 </subfield>
  </datafield>
  <datafield tag="035" ind1=" " ind2=" ">
    <subfield code="a">(OCoLC)ocm40245076</subfield>
  </datafield>
  <datafield tag="035" ind1=" " ind2=" ">
    <subfield code="a">(NNC)4271896</subfield>
  </datafield>
  <datafield tag="040" ind1=" " ind2=" ">
    <subfield code="a">EUX</subfield>
    <subfield code="c">EUX</subfield>
    <subfield code="d">OSU</subfield>
    <subfield code="d">ZCU</subfield>
  </datafield>
  <datafield tag="041" ind1="0" ind2=" ">
    <subfield code="a">ara</subfield>
    <subfield code="b">eng</subfield>
  </datafield>
  <datafield tag="050" ind1="0" ind2=" ">
    <subfield code="a">BP70</subfield>
    <subfield code="b">.Z34 1968</subfield>
  </datafield>
  <datafield tag="099" ind1=" " ind2=" ">
    <subfield code="a">956</subfield>
    <subfield code="a">Ir32</subfield>
    <subfield code="a">no.10</subfield>
  </datafield>
  <datafield tag="100" ind1="1" ind2=" ">
    <subfield code="a">Zamakhsharī, Maḥmūd ibn ʻUmar,</subfield>
    <subfield code="d">1075-1144.</subfield>
  </datafield>
  <datafield tag="240" ind1="1" ind2="0">
    <subfield code="a">Khaṣāʼiṣ al-ʻasharah al-kirām al-bararah</subfield>
  </datafield>
  <datafield tag="245" ind1="1" ind2="0">
    <subfield code="a">Kitāb Khaṣāʾiṣ al-ʻasharah al-kirām al-bararah /</subfield>
    <subfield code="c">taʾlīf Jār Allāh Abī al-Qāsim Maḥmūd ibn ʻUmar ibn Muḥammad ibn ʻUmar al-Khawārizmī al-Zamakhsharī ; ḥaqqaqahu wa-ʻallaqat ḥawāshīhi wa qaddamat lahu Bahījah Bāqir al-Ḥasanī.</subfield>
  </datafield>
  <datafield tag="246" ind1="1" ind2="5">
    <subfield code="a">Khaṣā'iṣ al-'ashara al-kirām al-barara</subfield>
  </datafield>
  <datafield tag="260" ind1=" " ind2=" ">
    <subfield code="a">Baghdād :</subfield>
    <subfield code="b">Wizārat al-Thaqāfah wa-al-Aʻlām, Mudīrīyat al-Thaqāfah al-ʻĀmmah,</subfield>
    <subfield code="c">1968.</subfield>
  </datafield>
  <datafield tag="300" ind1=" " ind2=" ">
    <subfield code="a">184, 5 p. :</subfield>
    <subfield code="b">ill. ;</subfield>
    <subfield code="c">24 cm.</subfield>
  </datafield>
  <datafield tag="490" ind1="1" ind2=" ">
    <subfield code="a">Silsilat Kutub al-turāth ;</subfield>
    <subfield code="v">10</subfield>
  </datafield>
  <datafield tag="546" ind1=" " ind2=" ">
    <subfield code="a">Introd. in Arabic and English.</subfield>
  </datafield>
  <datafield tag="504" ind1=" " ind2=" ">
    <subfield code="a">Includes bibliographical references (p. 173-178)</subfield>
  </datafield>
  <datafield tag="650" ind1=" " ind2="0">
    <subfield code="a">Muslims</subfield>
    <subfield code="v">Biography.</subfield>
  </datafield>
  <datafield tag="650" ind1=" " ind2="0">
    <subfield code="a">Islam</subfield>
    <subfield code="v">Biography.</subfield>
  </datafield>
  <datafield tag="700" ind1="1" ind2=" ">
    <subfield code="a">Ḥasanī, Bahījah Bāqir.</subfield>
  </datafield>
  <datafield tag="830" ind1=" " ind2="0">
    <subfield code="a">Silsilat Kutub al-turāth ;</subfield>
    <subfield code="v">10.</subfield>
  </datafield>
  <datafield tag="955" ind1=" " ind2=" ">
    <subfield code="b">0026813238</subfield>
    <subfield code="d">glx</subfield>
    <subfield code="e">956 Ir32 no.10</subfield>
  </datafield>
</record>
</collection>